2052 3039
357 164 429 198 252
1012 159 1053 195 6.
1088 157 1203 204 sm,

303 260 423 299 minea,
448 259 528 290 vitta
551 258 708 290 communi
733 258 1016 299 striato-punctata
1039 257 1173 290 suturali
1208 267 1268 289 nec
1297 267 1360 289 non
1389 258 1554 299 utriusque
1577 260 1710 291 maculis
1736 264 1859 301 septem
1884 261 1936 292 vel

303 305 374 333 octo
403 301 647 341 irregularibus,
683 310 747 332 una
776 305 907 332 curvata
931 301 1097 342 elongata,
1133 300 1240 341 paullo
1263 310 1348 342 pone
1370 300 1535 332 humerum
1565 302 1686 343 posita,
1721 302 1763 333 ad
1796 303 1937 334 medium

302 345 389 376 vittae
413 344 564 375 suturalis
589 344 714 384 oblique
738 343 835 375 ducta
859 347 891 375 et
915 353 987 375 eum
1009 344 1071 375 hac
1095 343 1350 383 subconfluente,
1386 353 1451 375 una
1479 344 1562 376 inter
1584 344 1671 376 illam
1695 348 1727 376 et
1749 345 1861 376 vittam
1885 355 1936 377 su-

302 387 451 426 turalem,
489 391 627 428 anguste
658 386 758 426 ovali,
795 396 860 418 una
888 396 972 428 pone
1003 386 1144 418 medium
1178 396 1305 427 unaque
1337 386 1514 428 subapicali
1538 397 1637 429 prope
1661 387 1773 419 vittam
1809 391 1936 419 etcum

302 429 416 460 eadem
440 429 689 470 confluentibus,
715 429 815 461 tribus
840 429 1071 462 discoidalibus
1096 439 1179 471 pone
1196 428 1351 469 medium,
1368 429 1441 470 plus
1458 429 1561 461 minus
1579 430 1823 472 confluentibus,
1841 430 1936 462 limbo

300 472 442 509 laterali,
465 476 557 514 parte
581 473 685 505 basali
710 476 859 514 excepta,
885 473 1093 514 margineque
1117 472 1236 504 inflexo
1260 472 1478 513 nigro-aeneis.

655 600 740 636 500.
796 598 1103 636 CHRYSOMELA
1143 608 1415 636 AGGREGATA
1468 598 1575 637 SrssL.

452 672 616 710 Obscure
644 676 764 722 picea,
793 675 1152 721 aenescente-nitens,
1182 676 1335 723 pedibus
1364 675 1609 721 dilutioribus3
1637 675 1762 723 elytris
1791 673 1935 711 sordide

297 732 521 778 stramineis,
557 734 719 780 margine
752 734 901 780 inflexo,
941 734 1030 770 vitta
1057 735 1206 770 suturali
1234 735 1393 771 seriatim
1420 739 1609 782 punctata,
1648 745 1715 770 nec
1752 745 1822 769 non
1849 733 1932 768 utri-

297 801 411 836 usque
438 792 590 827 maculis
618 793 877 840 compluribus,
907 792 1046 828 duabus
1074 793 1217 839 magnis
1246 795 1392 839 anticis,
1434 794 1611 830 exteriore
1638 794 1788 839 majore,
1818 792 1933 828 tribus

297 848 343 884 ad
370 849 497 885 vittam
525 851 720 886 suturalem
749 856 785 887 et
812 863 891 887 cum
919 851 986 887 hac
1014 852 1360 899 subconfluentibus,
1389 854 1502 889 tribus
1524 853 1582 888 vel
1610 855 1774 898 quattuor
1802 851 1932 887 discoi-

298 907 440 944 dalibus
467 920 561 955 ponc
589 910 761 953 medium,
803 910 983 957 limboquc
1017 910 1160 946 laterali
1188 911 1234 947 ad
1261 916 1400 958 partem
1428 911 1672 959 piceo-aeneis.
1742 910 1860 957 Long.
1891 912 1931 954 6,

296 967 377 1002 Lat.
408 969 455 1016 3}
481 968 616 1004 millim.

506 1035 734 1084 Calliyraplza
775 1044 966 1085 ayyreyata
1006 1037 1119 1074 Stal.
1175 1028 1255 1073 Ofv.
1297 1037 1338 1072 af
1373 1036 1420 1072 K.
1458 1036 1540 1073 Vet.
1569 1037 1640 1073 Ak.
1677 1037 1708 1072 F
1711 1037 1785 1072 orh.
1823 1036 1930 1071 1860.

1179 1107 1213 1143 p.
1244 1097 1328 1132 461.
1361 1097 1416 1131 10.

448 1162 591 1198 Patria:
622 1162 841 1199 Guatimala.
897 1163 1002 1211 (Mus.
1032 1163 1171 1213 Holm.)

447 1247 527 1278 Cum
551 1247 779 1289 speciminibus
804 1247 904 1289 piceis
931 1248 962 1279 C.
986 1250 1203 1290 sifflzatipemzz's
1235 1247 1321 1278 haud
1346 1246 1583 1279 confundenda.
1641 1247 1768 1287 Ovalis,
1804 1247 1931 1280 modice

295 1297 454 1329 convexa,
480 1290 615 1322 obscure
639 1291 747 1331 picea,
772 1290 1098 1331 aenescente-induta,
1133 1290 1269 1332 pedibus
1294 1290 1506 1322 dilutioribus.
1566 1290 1670 1331 Caput
1699 1291 1930 1323 laeviusculum.

294 1332 452 1363 Antennae
476 1333 630 1373 graciles,
657 1333 799 1365 articulis
825 1333 962 1374 quinque
987 1333 1106 1365 ultimis
1130 1334 1238 1375 paullo
1262 1333 1461 1374 longioribus
1485 1342 1580 1373 quam
1597 1333 1778 1375 latioribus,
1804 1334 1929 1365 clavam

295 1374 506 1414 gracillimam
536 1376 756 1408 formantibus.
813 1376 991 1408 Prothoi-ax
1022 1377 1133 1418 elytris
1164 1376 1307 1408 nonnihil
1343 1375 1523 1416 angustior,
1559 1376 1712 1408 lateribus
1747 1376 1928 1418 parallelis,

294 1416 386 1449 disco
409 1418 536 1458 punctis
561 1418 730 1450 subtilibus
754 1419 929 1450 rarissimis
953 1419 1144 1460 adspersus,
1179 1419 1336 1460 utrimque
1359 1428 1455 1460 parce
1479 1418 1601 1450 fortiter
1623 1422 1805 1460 punctatus.
1853 1419 1930 1451 Scu-

293 1460 403 1491 tellum
436 1461 528 1493 laeve.
584 1462 698 1503 Elytra
732 1462 885 1493 lateribus
921 1463 1100 1503 parallelis,
1136 1462 1267 1494 sordide
1302 1462 1491 1502 straminea,
1526 1462 1569 1493 ad
1604 1465 1747 1494 suturam
1783 1462 1928 1494 seriebus

293 1502 417 1535 duabus
440 1507 630 1545 punctorum
653 1505 824 1545 instructa,
849 1505 928 1536 vitta
954 1505 1087 1537 suturali
1111 1515 1170 1537 nec
1194 1515 1258 1537 non
1281 1505 1444 1545 utriusque
1468 1505 1602 1537 maculis
1626 1506 1779 1547 pluribus,
1804 1505 1928 1537 duabus

293 1546 421 1587 magnis
446 1546 687 1588 subbasalibus,
717 1547 1026 1589 subconfiuentibus,
1062 1548 1220 1580 exteriore
1249 1547 1383 1589 majore,
1419 1547 1544 1589 postice
1575 1548 1791 1589 emarginata,
1827 1548 1928 1580 tribus

293 1588 335 1620 ad
359 1590 472 1621 vittam
496 1591 685 1632 suturalem,
710 1601 774 1622 una
797 1591 906 1632 paullo
931 1595 1006 1622 ante
1029 1590 1184 1631 medium,
1209 1601 1274 1622 una
1297 1591 1404 1631 paullo
1427 1600 1512 1632 pone
1529 1591 1664 1622 medium
1683 1601 1809 1632 unaque
1825 1601 1928 1633 prope

293 1632 419 1673 apicem
448 1634 569 1674 posita,
606 1634 832 1674 nonnullisque
862 1634 1094 1666 discoidalibus
1118 1644 1202 1676 pone
1225 1633 1380 1674 medium,
1416 1643 1476 1665 nec
1504 1644 1568 1666 non
1591 1635 1688 1666 limbo
1710 1635 1837 1667 laterali
1860 1634 1928 1667 fere

292 1675 333 1706 ab
358 1676 451 1716 apice
474 1677 558 1708 ultra
581 1677 721 1709 medium
744 1677 967 1719 piceo-ae11eis3
995 1678 1142 1718 margine
1165 1676 1283 1709 inflexo
1307 1677 1409 1718 piceo.

455 1727 491 1762 εἶ’
538 1727 712 1768 Segmento
737 1728 873 1760 ventrali
897 1729 1007 1760 ultimo
1032 1729 1125 1770 apice
1149 1731 1305 1760 truncato.

609 1841 693 1876 501.
750 1839 1060 1877 CHRYSOMELA
1099 1848 1445 1877 SIGNATIPENNIS
1498 1839 1606 1877 S'rXL.

444 1915 584 1963 AEuea,
626 1916 752 1963 elytris
788 1917 1009 1962 δἐι-6111111618,
1050 1917 1213 1964 margine
1246 1916 1393 1961 inflexo,
1434 1916 1523 1952 vitta
1559 1916 1710 1952 suturali
1749 1927 1816 1952 nec
1852 1927 1925 1952 non

289 1974 474 2022 utriusque
501 1975 653 2011 maculis
681 1975 821 2011 circiter
850 1979 946 2021 octo,
988 1987 1059 2012 una
1092 1976 1183 2012 inter
1209 1976 1276 2011 has
1305 1976 1490 2022 elongata,
1533 1976 1578 2011 ab
1605 1975 1752 2011 humero
1781 1975 1924 2021 oblique

289 2037 483 2069 retrorsum
513 2034 559 2070 ad
588 2034 713 2069 vittam
742 2034 937 2070 suturalcm
965 2034 1089 2080 dueta,
1118 2035 1228 2071 limbo
1255 2034 1398 2070 laterali
1433 2034 1480 2070 ad
1514 2038 1651 2081 partem
1689 2034 1924 2080 margineque

288 2092 421 2128 inflexo
450 2093 572 2128 aeneis.
627 2093 746 2139 Long.
775 2094 888 2138 6—8,
918 2093 999 2128 Lat.
1030 2095 1151 2141 3·-4{
1177 2093 1313 2129 millim.

497 2176 724 2225 Calliyrapha
750 2177 1006 2224 siynatz'pemnis
1053 2176 1161 2213 Stal.
1216 2166 1297 2212 Ofv.
1326 2176 1367 2211 af
1387 2175 1433 2211 K.
1465 2175 1547 2212 Vet.
1566 2175 1638 2211 Ak.
1670 2175 1778 2211 Forh.
1815 2176 1922 2211 1859.

1218 2247 1252 2282 p.
1282 2236 1365 2270 321.
1396 2237 1427 2269 1.

441 2322 515 2346 var.
546 2311 572 2346 b.
600 2333 650 2337 —-
679 2310 810 2347 Colore
838 2321 939 2347 aeneo
969 2310 1006 2345 in
1033 2310 1176 2357 piceum
1203 2320 1319 2345 verso.

440 2387 583 2423 Patria:
611 2387 764 2423 Mexico.
819 2387 926 2433 (Mus.
955 2386 1098 2428 Holm.‚
1126 2389 1209 2433 etc.)

439 2471 564 2513 Ovalis,
596 2472 721 2503 modice
751 2481 911 2511 convexa,
946 2481 1052 2511 aenea,
1084 2471 1195 2503 nitida.
1252 2470 1355 2512 Caput
1384 2469 1619 2510 laeviuseulum3
1653 2468 1761 2510 palpis
1785 2468 1918 2500 articulo

286 2515 404 2556 apioali
428 2515 632 2556 praecedente
656 2515 792 2556 majore,
817 2514 910 2556 apice
934 2514 1078 2546 nonnihil
1103 2514 1246 2546 dilatato.
1301 2513 1459 2544 Antennae
1489 2512 1643 2553 graciles,
1679 2511 1795 2552 nigrae,
1826 2511 1918 2543 basin
