2052 3039
362 194 639 231 MonoGnAPfflE
671 204 742 231 Dns
771 194 1085 233 OnRYsonanEs
1111 205 1160 232 DE
1187 194 1430 237 L'AME'RIQUE.
1585 196 1656 232 229

459 298 544 332 449.
599 296 910 333 CHRYSOMELA
937 306 1176 335 rAsrmirA
1230 297 1336 334 Sinin.

237 369 449 415 Nigricans3
477 369 631 416 pedibus
650 369 780 416 piceis;
809 370 932 417 elytris
952 371 1127 406 subtiliter
1146 370 1481 418 striato-punctatis‚
1509 368 1708 405 interstitiis

84 427 188 463 tertio
217 431 252 462 et
277 438 371 463 nono
397 439 464 463 nec
491 439 562 463 non
589 429 753 475 margine
781 432 934 475 angusto
953 429 1069 465 basali
1089 430 1180 465 inter
1206 430 1270 465 illa
1287 429 1477 465 interstitia
1494 427 1706 464 stramineis.

84 486 200 532 Long.
232 487 270 531 7,
299 486 380 521 Lat.
410 487 432 521 5
460 487 594 522 millim.

291 558 590 605 Desmoyramma
619 559 787 606 fastidita
828 558 936 595 Stal.
985 551 1065 596 Ofv.
1099 560 1139 595 af
1174 559 1221 595 K.
1254 559 1334 596 Vet.
1353 560 1423 596 Ak.
1456 558 1563 595 Forh.
1599 558 1705 593 1860.

998 630 1031 665 p.
1061 620 1144 654 459.
1175 621 1206 654 6.

286 692 508 740 Chrysomela
542 693 732 740 persimilis
771 693 873 730 Stssil.
902 694 996 729 Olim.

238 768 378 804 Patria:
406 768 574 804 Brasilia.
628 769 734 811 (Mus.
763 770 902 811 Hom„
932 769 1022 807 Coll.
1050 770 1246 820 Deyrolle.)

235 845 267 876 C.
297 846 384 875 bivioe
408 844 532 876 similis.
578 843 706 884 Ovalis,
742 845 837 877 valde
861 856 1018 886 convexa,
1043 846 1135 888 piceo
1153 847 1259 887 nigra,
1284 846 1443 878 interdum
1466 847 1578 879 leviter
1601 857 1705 879 aeneo-

81 887 208 927 induta,
234 887 379 919 nitidula.
426 887 530 929 Caput
552 897 648 928 parce
672 888 814 920 obsolete
838 890 1064 930 punetulatum.
1110 890 1266 921 Antennae
1290 890 1359 921 basi
1376 890 1556 930 dilutiores,
1580 891 1705 931 apicem

80 940 194 962 versus
218 931 339 962 sensim
361 930 475 962 leviter
497 931 703 971 incrassatae,
729 932 871 964 articulis
887 933 1063 974 apicalibus
1082 933 1189 974 paullo
1208 933 1405 973 longioribus
1419 943 1514 974 quam
1526 933 1703 965 latioribus.

81 973 260 1005 Prothorax
289 974 400 1015 elytris
425 974 567 1005 nonnihil
591 975 770 1015 angustior,
806 976 958 1007 lateribus
981 976 1159 1017 parallelis,
1196 976 1337 1007 anterius
1361 976 1474 1008 leviter
1497 979 1703 1017 angustatus,

82 1020 203 1048 remote
236 1017 452 1058 punctulatus.
499 1017 673 1049 Scutellum
706 1019 796 1050 laeve.
841 1019 953 1060 Elytra
987 1019 1138 1050 lateribus
1172 1019 1346 1060 parallelis,
1373 1019 1703 1060 striato-punctulata,

79 1060 259 1091 interstitiis
297 1070 387 1101 aeque
418 1061 507 1101 latis,
543 1060 635 1092 tertio
660 1064 692 1092 et
715 1072 799 1093 nono
822 1072 924 1103 prope
948 1062 1072 1103 apicem
1097 1062 1327 1094 confluentibus
1358 1066 1390 1093 et
1418 1062 1461 1094 ad
1484 1062 1609 1102 apicem
1632 1072 1704 1094 con—

79 1103 211 1144 junctim
234 1102 415 1144 productis,
440 1113 500 1135 nec
533 1114 597 1135 non
621 1104 765 1145 margine
790 1105 893 1136 basali
916 1105 999 1136 inter
1021 1105 1076 1136 illa
1099 1105 1286 1145 interstitia,
1310 1105 1482 1137 introrsum
1505 1105 1625 1136 sensim
1649 1116 1703 1137 an-

79 1149 219 1187 gustato,
237 1146 358 1188 pallide
381 1146 643 1178 flavescentibus.

477 1250 561 1284 450.
611 1248 925 1285 CHRYSOMELA
951 1249 1173 1285 LJUNGHII
1200 1248 1307 1286 STXL.

233 1325 396 1362 Obscure
424 1336 542 1371 aenea3
570 1325 736 1360 antennis
762 1325 986 1372 pedibusque
1013 1326 1201 1372 testaceis3
1229 1325 1353 1374 elytris
1380 1325 1544 1362 distincte
1564 1327 1703 1363 striato-

78 1384 272 1432 punctatis,
301 1384 501 1420 interstitiis
528 1384 648 1430 tertio,
678 1385 798 1430 quinto
827 1387 862 1420 et
887 1395 981 1420 nono
1008 1396 1074 1420 nec
1101 1396 1172 1421 non
1191 1385 1354 1432 margine
1372 1385 1489 1421 basali
1507 1384 1703 1421 flavescen-

80 1443 185 1479 tibus.
238 1443 354 1490 Long.
386 1445 493 1489 7—8,
521 1443 602 1479 Lat.
634 1444 756 1492 5—55
788 1444 921 1479 millim.

287 1521 585 1568 Desmoqramma
612 1520 777 1568 szmyhi
808 1520 916 1557 stal.
970 1512 1048 1557 osv.
1074 1522 1115 1557 af
1150 1521 1197 1556 K.
1233 1521 1314 1557 Vet.
1343 1520 1413 1556 Ak.
1452 1520 1559 1556 Ferh.
1594 1523 1701 1557 1859.

956 1592 989 1627 p.
1019 1581 1102 1615 320.
1135 1582 1166 1616 6.

230 1655 371 1691 Patria:
419 1655 593 1701 Brasilia,
640 1655 713 1692 San
757 1655 881 1691 Paolo.
951 1656 1055 1701 (Mus.
1098 1656 1235 1697 Berol„
1271 1656 1411 1702 Holm,
1455 1655 1545 1692 Coll.
1593 1658 1700 1706 Baly,

81 1714 276 1764 Deyrolle.)

229 1789 355 1831 Ovalis,
388 1789 483 1822 valde
507 1800 665 1829 convexa,
701 1791 837 1822 obscure
860 1800 966 1831 aenea,
991 1790 1103 1822 nitida.
1150 1791 1255 1832 Caput
1277 1800 1375 1831 parce
1399 1790 1548 1823 distincte
1571 1796 1701 1833 punctu-

77 1834 191 1874 latum3
216 1834 305 1865 labro
321 1834 491 1875 palpisque
512 1834 676 1865 testaceis.
699 1834 856 1865 Antennae
873 1837 1040 1874 testaceae,
1054 1834 1181 1875 apicem
1193 1843 1306 1865 versus
1320 1834 1440 1865 sensim
1451 1834 1564 1866 leviter
1579 1835 1699 1867 incras-

79 1880 173 1917 satae,
192 1877 337 1908 articulis
361 1877 539 1918 apicalibus
555 1877 663 1919 paullo
679 1877 875 1917 longioribus
889 1887 985 1917 quam
997 1877 1179 1918 latioribus,
1194 1877 1306 1908 leviter
1322 1877 1496 1908 infuscatis.
1521 1878 1699 1910 Prothorax

78 1920 188 1961 elytris
213 1919 356 1951 nonnihil
378 1921 557 1962 angustior,
575 1920 727 1952 lateribus
743 1920 919 1961 parallelis,
938 1921 1043 1952 antice
1059 1921 1172 1952 leviter
1188 1923 1392 1961 angustatus,
1416 1924 1534 1952 remote
1552 1920 1699 1954 distincte

77 1963 289 2004 punctulatus.
346 1963 517 1995 Scutellum
552 1964 643 1996 laeve.
688 1963 801 2004 Elytra
832 1963 984 1995 lateribus
1017 1964 1198 2004 parallelis,
1225 1963 1375 1995 distincte
1404 1964 1697 2007 striato-punctam,

77 2006 257 2038 interstitiis
280 2006 374 2038 tertio
398 2010 430 2037 et
452 2017 535 2039 nono
559 2016 658 2049 prope
681 2007 806 2047 apicem
823 2006 1053 2038 confluentibus
1071 2011 1103 2038 et
1117 2007 1160 2038 ad
1177 2006 1301 2048 apicem
1318 2006 1509 2048 conjunctim
1524 2007 1697 2049 productis,

80 2058 140 2081 nec
163 2059 228 2081 non
259 2049 430 2081 interstitio
461 2051 568 2091 quinto
589 2050 750 2092 posterius
774 2049 959 2081 abbreviato
983 2050 1190 2091 margineque
1213 2050 1317 2081 basali
1341 2049 1422 2081 inter
1444 2050 1614 2082 interstitia
1636 2054 1698 2082 ter-

80 2092 157 2123 tium
188 2096 219 2124 et
252 2103 370 2124 nonum
403 2093 522 2134 pallide
558 2092 817 2125 flavescentibus.
862 2092 968 2124 Pedes
1003 2093 1187 2135 rufo—picei,
1220 2092 1393 2124 femoribus
1428 2091 1533 2124 medio
1563 2093 1698 2126 obscure

83 2135 191 2167 aeneis.
238 2135 412 2177 Segmenta
434 2137 555 2169 ventris
580 2136 641 2168 duo
665 2135 804 2177 apicalia
826 2135 981 2177 utrimque
1004 2136 1305 2168 testaceo-limbata.

432 2240 516 2275 451.
571 2237 877 2275 CHRYSOMELA
909 2246 1227 2274 POLYGHORDIA
1282 2237 1349 2272 ER.

235 2314 431 2355 Testaeea,
472 2314 596 2350 subtus
624 2325 703 2350 cum
730 2313 893 2350 antennis
919 2314 1142 2361 pedibusque
1169 2313 1408 2360 nigro-aenea3
1437 2311 1560 2360 elytris
1587 2312 1695 2348 flave-

79 2374 274 2420 scentibus,
311 2373 648 2420 striato-punctatis,
682 2372 879 2408 interstitiis
912 2373 1058 2409 alternis
1091 2371 1357 2420 angustioribus
1384 2371 1617 2418 margineque
1644 2371 1695 2407 in-

80 2432 173 2468 flexo
201 2432 446 2480 nigro-aeneis.
498 2431 615 2478 Long.
647 2434 683 2478 8,
712 2432 792 2467 Lat.
827 2433 848 2467 5
876 2431 1010 2467 minim.

287 2501 586 2547 Desmoyramma
606 2500 834 2547 polyclzordz'a
873 2499 939 2534 Er.
979 2498 1086 2535 Arch.
1113 2499 1169 2534 fur
1195 2498 1344 2544 Naturg.
1372 2497 1471 2534 XIII.
1495 2500 1526 2533 1.
1553 2509 1587 2544 p.
1612 2498 1694 2532 157.

984 2559 1016 2593 2.
1045 2557 1189 2604 (1847.)
