2052 3039
378 190 449 224 228
1042 185 1083 222 O.
1111 183 1225 229 sm„

476 286 619 322 Patria:
646 285 823 332 Ecuador,
851 286 967 333 Napo.
1023 286 1127 336 (Mus.
1157 287 1297 327 Ilolm„
1328 285 1419 322 Coll.
1449 288 1569 339 Baly.)

475 363 507 394 C.
531 364 699 405 conjvcyatoe
732 362 828 394 valde
861 362 979 394 affinis.
1026 363 1153 403 Ovalis,
1188 362 1283 395 valde
1306 373 1464 405 convexa,
1499 368 1658 406 testacea,
1684 365 1820 397 obscure
1843 376 1947 398 aeneo—

322 406 443 446 induta,
467 405 579 437 nitida.
615 406 718 447 Caput
740 415 836 447 parce
859 406 1086 447 punctulatum.
1110 407 1268 438 Antennae
1280 406 1433 448 graciles,
1459 408 1584 448 apicem
1602 418 1715 440 versus
1739 408 1858 440 sensim
1870 409 1947 440 levi-

322 452 371 481 ter
393 449 597 489 incrassatae,
621 449 764 480 articulis
788 448 967 490 apicalibus
991 450 1098 490 paullo
1121 450 1316 491 longioribus
1329 460 1424 490 quam
1436 451 1612 483 latioribus.
1646 451 1824 483 Prothorax
1837 451 1948 492 elytris

321 492 464 524 nonnihil
487 492 668 532 angustior,
704 492 847 524 anterius
882 492 1039 533 utrimque
1068 493 1211 524 nonnihil
1241 493 1444 533 rotundatus,
1484 495 1664 527 subremote
1694 494 1844 526 distincte
1868 504 1946 536 pun-

322 535 469 567 ctulatus.
515 535 688 567 Scutellum
723 536 814 567 laeve.
859 536 972 577 Elytra
996 540 1163 577 castanea,
1200 536 1490 578 subaeneo-induta,
1527 537 1677 569 distincte
1702 538 1846 569 seriatim
1867 547 1948 578 pun—

322 581 423 619 ctata,
447 579 527 610 vitta
550 578 712 610 interstitii
740 578 833 619 tertii,
856 583 930 610 ante
947 579 1087 610 medium
1103 579 1305 621 abbreviata,
1331 580 1564 621 interstitioque
1580 591 1679 622 nono,
1705 591 1805 623 prope
1821 581 1949 622 apicem

321 621 499 663 conjunctis
524 625 556 653 et
578 622 621 653 ad
643 622 769 663 apicem
792 621 983 664 conjunctim
1005 622 1186 664 productis,
1212 633 1271 655 nec
1294 634 1359 656 non
1381 624 1526 665 margine
1549 624 1654 656 basali
1677 624 1760 656 inter
1781 624 1838 656 illa
1853 624 1948 655 inter-

323 665 412 697 stitia
434 665 629 697 Stramineis.

744 788 828 821 447.
885 785 1163 823 ORYSOMELA
1189 795 1315 822 BIVIA
1373 785 1496 822 GERM.

475 869 639 907 Obscure
658 882 777 917 aenea3
797 871 921 919 elytris
940 872 1260 918 subaeneo-nigris,
1288 872 1453 908 distincte
1474 871 1813 919 striato-punctatis3
1840 871 1947 907 inter-

321 928 428 965 stitiis
455 930 558 965 tertio
587 934 622 966 et
647 941 741 966 nono
768 930 916 977 reliquis
935 931 1095 967 nonnihil
1118 931 1319 978 latioribus,
1348 931 1452 978 apice
1471 930 1685 977 conjunctis,
1713 930 1947 977 margineque

319 988 437 1024 basali
464 988 556 1025 inter
582 989 645 1025 illa
671 989 870 1035 interstitia,
899 993 972 1026 toto
992 1001 1094 1037 aeque
1108 991 1191 1037 lato,
1209 990 1319 1026 dilute
1334 990 1624 1026 flavescentibus.
1649 990 1769 1037 Long.
1799 992 1836 1036 8,
1865 989 1945 1025 Lat.

321 1048 367 1095 5}
392 1047 528 1084 millim.

526 1125 747 1174 Chrysomela
774 1127 863 1162 bivia
894 1126 1032 1163 Germ.
1085 1126 1156 1162 Ins.
1186 1138 1282 1173 spec.
1309 1137 1389 1162 nov.
1418 1139 1451 1174 p.
1482 1128 1565 1162 590.
1596 1128 1678 1162 824.
1708 1128 1852 1174 (1824).

473 1201 615 1238 Patria:
643 1203 800 1239 Brasilia
828 1203 932 1252 (Mus.
962 1203 1104 1245 Holm.‚
1132 1206 1214 1251 etc.)

449 1279 575 1320 Ovalis,
600 1279 696 1312 valde
719 1290 880 1320 convexa,
905 1279 1041 1311 obscure
1063 1290 1169 1321 aenea,
1194 1280 1306 1312 nitida.
1353 1281 1457 1323 Caput
1478 1291 1576 1322 parce
1607 1280 1755 1313 distincte
1779 1282 1945 1323 punctula-

318 1325 393 1354 tum.
438 1323 596 1355 Antennae
619 1323 831 1364 nigricantes,
856 1323 927 1355 basi
950 1324 1064 1365 piceae,
1090 1323 1244 1364 graciles,
1269 1324 1395 1366 apicem
1419 1334 1533 1356 versus
1556 1325 1677 1356 sensim
1699 1324 1812 1356 leviter
1824 1325 1944 1357 incras-

318 1369 412 1407 satae,
426 1366 569 1398 articulis
583 1367 761 1408 apicalibus
774 1367 828 1398 vix
846 1367 1041 1407 longioribus
1055 1376 1150 1407 quam
1162 1366 1337 1399 latioribus.
1362 1367 1539 1399 Prothorax
1556 1368 1667 1408 elytris
1684 1368 1829 1399 nonnihil
1844 1378 1944 1410 angu-

318 1409 410 1450 stior,
434 1409 588 1441 lateribus
612 1410 837 1451 subparallelis
861 1411 912 1441 vel
936 1413 1116 1441 antrorsum
1139 1411 1253 1442 leviter
1276 1414 1476 1451 angustatus,
1500 1414 1621 1442 remote
1646 1411 1796 1443 distincte
1811 1415 1945 1453 punctu—

317 1453 412 1484 latus.
459 1452 632 1484 Scutellum
660 1454 751 1485 laeve.
796 1453 908 1494 Elytra
942 1453 1095 1484 lateribus
1118 1454 1298 1494 parallelis,
1336 1454 1609 1494 subaeneo-nigra,
1645 1454 1796 1486 distincte
1820 1455 1945 1487 striato—

316 1499 484 1537 punctata,
520 1496 700 1528 interstitiis
735 1496 827 1528 tertio
853 1500 884 1527 et
907 1506 990 1528 nono
1015 1497 1145 1537 reliquis
1168 1497 1312 1529 nonnihil
1335 1498 1513 1538 latioribus,
1549 1507 1646 1539 prope
1676 1498 1802 1540 apicem
1826 1498 1945 1530 conflu-

318 1539 442 1570 entibus
467 1542 499 1570 et
522 1539 565 1571 ad
588 1540 702 1581 apicen
727 1539 919 1581 conjunctim
942 1539 1121 1581 productis,
1146 1550 1206 1571 nec
1229 1550 1291 1571 non
1314 1541 1459 1582 margine
1471 1541 1574 1573 basali
1597 1541 1680 1573 inter
1694 1542 1748 1573 illa
1761 1542 1942 1583 interstitia,

315 1585 381 1614 toto
405 1592 495 1623 aeque
517 1583 596 1624 lato,
620 1582 741 1624 pallide
764 1582 868 1615 flavis.

471 1634 506 1670 0²³
552 1634 725 1675 Segmento
749 1634 884 1666 ventrali
908 1634 1017 1666 ultimo
1042 1634 1135 1675 apice
1158 1635 1271 1666 leviter
1293 1637 1447 1666 truncato.

737 1754 820 1788 448.
875 1751 1184 1789 CHRYSOMELA
1210 1760 1401 1788 BIGARIA
1454 1753 1521 1789 ER.

469 1835 737 1883 Aeneo-nigra3
765 1837 888 1885 elytris
917 1838 1252 1885 striato-punctatis3
1279 1838 1478 1874 interstitiis
1505 1838 1609 1874 tertio
1630 1843 1665 1874 et
1683 1849 1776 1874 nono
1795 1839 1944 1886 reliquis

315 1895 458 1941 latiore,
488 1895 591 1943 apice
619 1896 895 1943 confluentibus,
925 1909 992 1933 nec
1018 1909 1089 1933 non
1116 1897 1279 1944 margine
1298 1897 1415 1933 basali
1433 1897 1526 1933 inter
1544 1898 1607 1933 illa
1627 1897 1816 1934 interstitia
1833 1897 1942 1934 flave-

317 1954 508 1990 scentibus.
550 1955 668 2002 Long.
692 1957 803 2001 7—8,
832 1956 911 1991 Lat.
940 1957 1068 2003 4}—5
1101 1956 1235 1992 millim.

516 2026 815 2075 Desmoyramma
851 2027 986 2074 biyarz'a
1025 2027 1091 2063 Er.
1144 2026 1241 2063 Arch
1274 2028 1328 2063 fur
1361 2027 1513 2073 Naturg.
1540 2027 1640 2063 XIII.
1672 2030 1703 2062 1.
1730 2039 1764 2074 p.
1796 2029 1878 2063 157.
1909 2029 1940 2063 1.

1149 2088 1293 2134 (1847.)

468 2154 610 2190 Patria:
639 2154 735 2191 Perii
789 2155 893 2202 (Mus.
922 2156 1053 2205 Berol.)

465 2234 665 2266 Praecedenti
699 2234 804 2267 affinis
856 2236 1035 2276 obscurior,
1061 2236 1166 2276 magis
1190 2235 1301 2268 nitida.
1348 2234 1474 2276 Ovalis,
1511 2235 1606 2268 valde
1639 2244 1799 2276 convexa,
1835 2243 1939 2266 aeneo-

314 2277 416 2317 nigra,
441 2277 552 2309 nitida.
598 2278 702 2319 Caput
734 2282 855 2310 remote
878 2280 1107 2320 punctulatum.
1152 2280 1309 2310 Antennae
1332 2279 1486 2319 graciles,
1523 2278 1649 2320 apicem
1678 2287 1792 2310 versus
1817 2277 1939 2309 sensim

314 2320 428 2352 leviter
461 2320 659 2362 incrassatae,
689 2321 791 2362 piceae
823 2323 876 2354 vel
909 2323 1024 2363 nigrae,
1060 2322 1130 2354 basi
1162 2322 1335 2353 dilutiores.
1380 2322 1558 2354 Prothorax
1581 2321 1734 2353 lateribus
1757 2321 1938 2362 parallelis,

315 2363 457 2395 anterius
480 2364 624 2396 nonnihil
648 2368 854 2406 angustatus,
879 2366 983 2397 minus
1008 2366 1109 2397 dense
1133 2365 1282 2397 distincte
1305 2368 1486 2406 punctatus.
1524 2364 1698 2396 Scutellum
1714 2364 1803 2396 laeve.
1826 2364 1939 2406 Elytra

313 2406 467 2438 lateribus
491 2407 670 2448 parallelis,
696 2408 846 2440 distincte
859 2409 1153 2451 striato-punctata,
1178 2408 1357 2439 interstitiis
1380 2408 1473 2440 tertio
1490 2411 1521 2440 et
1537 2418 1631 2448 nono,
1648 2407 1778 2448 reliquis
1794 2406 1938 2438 nonnihil

313 2450 442 2491 latiore,
467 2459 568 2491 prope
592 2450 717 2492 apicem
740 2451 970 2484 confluentibus
994 2455 1026 2484 et
1049 2452 1092 2483 ad
1114 2451 1239 2493 apicem
1262 2451 1454 2493 conjunctim
1477 2450 1655 2493 productis,
1681 2459 1740 2481 nec
1763 2460 1827 2482 non
1839 2450 1936 2482 limbo

314 2493 419 2525 basali
442 2493 525 2524 inter
547 2493 602 2524 illa
625 2494 797 2526 interstitia
818 2494 1078 2527 flavescentibus.

467 2544 502 2579 0⁷¹
548 2544 721 2585 Segmento
744 2546 880 2578 ventrali
903 2547 1012 2578 ultimo
1037 2547 1128 2588 apice
1151 2548 1306 2577 truncato.
