2052 3039
370 169 442 202 280
1047 162 1088 199 O.
1116 163 1228 209 SfflL,

518 265 745 311 Callz‘gyrapha
786 265 988 299 suboculata
1033 262 1142 299 Stal.
1197 255 1278 300 Ofv.
1320 264 1361 299 af
1394 264 1442 300 K.
1469 264 1552 301 Vet.
1593 264 1664 300 Ak.
1703 265 1734 300 F
1738 266 1811 300 'cirlr
1842 268 1949 301 1159.

1195 334 1228 369 p.
1258 324 1341 358 325.
1373 325 1430 358 25.

465 411 539 434 var.
570 401 596 435 b.
624 423 673 426 —
702 400 907 447 Elytrorum
949 399 1099 435 maculis
1137 398 1276 435 duabus
1304 400 1396 434 inter
1423 400 1602 435 maculam
1630 412 1801 446 magnam
1829 401 1951 436 oblon-

363 470 448 504 gam
475 458 695 493 humeralem
724 463 759 494 et
785 459 911 494 vittam
940 459 1134 495 suturalem
1163 459 1199 493 in
1227 470 1334 494 unam
1362 458 1634 494 confluentibus.

464 527 605 562 Patria:
634 527 785 563 Mexico.
841 528 949 573 (Mus.
979 528 1113 574 Holm.,
1142 527 1232 564 Coll.
1269 528 1460 574 C'hevrolat,
1492 528 1614 573 Salle'.)

464 596 592 635 Ovalis,
617 596 742 627 modice
767 606 926 636 convexa,
951 597 1086 628 obscure
1110 607 1217 638 renea,
1243 597 1403 628 interdum
1427 601 1494 628 tota
1518 597 1569 628 vel
1593 607 1632 628 ex
1650 601 1741 638 parte
1757 598 1828 638 plus
1845 596 1951 627 minus

312 640 601 680 piceo-pellucens,
626 639 739 670 nitida.
786 640 890 680 Caput
914 650 1012 681 parce
1037 640 1187 671 distincte
1211 641 1439 682 punctulatum.
1473 641 1632 671 Anteunae
1656 650 1754 671 aeneae
1777 640 1828 671 vel
1852 639 1951 670 dilute

311 683 427 723 piceae,
453 683 609 723 graciles,
635 683 759 723 apicem
784 692 897 713 versus
923 683 1042 714 sensim
1068 684 1180 715 leviter
1203 684 1408 723 incrassatae,
1435 683 1577 714 articulis
1602 683 1781 724 apicalibus
1804 682 1950 714 nonnihil

309 726 505 766 longioribus
541 736 636 765 quam
671 726 846 757 latioribus.
892 726 1070 757 Prothorax
1105 727 1216 767 elytris
1242 726 1385 758 nonnihil
1416 726 1597 766 angustior,
1634 730 1755 758 remote
1780 726 1947 765 distincte,

311 769 468 809 utrimque
493 768 616 799 fortiter
639 772 821 809 punctatus.
869 768 1042 800 Scutellum
1060 770 1150 801 laeve.
1189 770 1301 810 Elytra
1317 769 1472 801 lateribus
1489 770 1671 810 parallelis,
1697 779 1781 809 vage
1799 769 1949 800 distincte

310 812 510 853 punctulata,
537 811 666 842 sordide
691 812 847 851 eburnea,
873 812 1018 852 margine
1043 812 1175 853 inflexo,
1201 813 1280 844 vitta
1297 813 1454 844 communi
1479 813 1627 852 saturali,
1654 813 1805 844 distincte
1822 812 1948 843 striato-

310 859 478 896 punctata,
504 855 572 886 basi
596 854 670 895 ipsa
694 855 798 886 subito
822 859 1011 895 augustata,
1047 859 1122 886 ante
1154 856 1292 886 medium
1319 856 1422 886 subito
1446 855 1581 886 dilatata
1606 861 1636 887 et
1660 857 1818 896 utrimque
1842 855 1874 886 in
1898 865 1949 886 ra-

310 899 429 929 mulum
453 897 678 928 brevissimum
702 898 873 938 producta,
904 908 987 939 pone
1011 898 1150 929 medium
1175 900 1330 930 ramulum
1355 899 1484 929 brevem
1508 899 1634 939 oblique
1658 904 1831 930 retrorsum
1859 898 1950 929 emit·

310 944 411 980 tente,
447 941 606 982 posterius
635 941 835 980 angustiore,
872 951 973 982 prope
1008 941 1133 982 apicem
1167 942 1325 982 utrimque
1360 951 1430 972 cum
1464 943 1592 973 macula
1627 942 1772 973 similiter
1806 942 1950 973 colorata

310 984 505 1024 cohaerente,
531 994 590 1014 nec
614 994 676 1014 non
690 984 855 1025 utriusque
872 984 1005 1015 maculis
1023 985 1149 1016 circiter
1166 985 1294 1025 decem,
1316 984 1465 1016 distincte
1482 985 1778 1026 circumpunctatis‚
1803 984 1948 1026 plurimis

310 1028 453 1067 minutis,
491 1027 623 1068 sparsis,
649 1037 712 1057 una
740 1028 877 1067 oblonga
911 1028 1031 1068 majore
1055 1028 1226 1069 marginali
1251 1028 1372 1068 media,
1408 1038 1472 1058 una
1495 1028 1636 1060 maxima
1658 1038 1744 1070 pone
1767 1028 1949 1064 humerum,

311 1071 465 1110 oblonga,
491 1074 638 1109 curvata,
664 1070 769 1102 medio
794 1071 921 1111 latiore,
947 1071 1013 1102 fere
1038 1071 1080 1101 ad
1104 1071 1243 1102 medium
1267 1071 1354 1102 vittae
1378 1071 1529 1102 suturalis
1555 1071 1651 1103 ducta
1675 1076 1706 1103 et
1734 1071 1853 1102 ibidem
1877 1081 1948 1103 cum

310 1113 371 1144 hac
395 1123 482 1154 saepe
507 1112 701 1152 confluente,
739 1113 863 1145 duabus
888 1114 970 1145 inter
999 1114 1194 1145 humeralem
1225 1117 1256 1145 et
1278 1114 1389 1145 vittam
1414 1114 1603 1155 suturalem,
1628 1115 1789 1146 anteriore
1812 1115 1949 1153 minuta,

310 1157 488 1197 posteriore
523 1156 716 1197 majuscula,
753 1157 1000 1196 suborbiculari,
1036 1167 1108 1188 raro
1143 1158 1175 1188 in
1209 1168 1305 1188 unam
1339 1156 1588 1199 confluentibus,
1615 1159 1750 1189 obscure
1773 1157 1873 1189 aeneis
1898 1157 1950 1188 vel

310 1199 528 1241 aeneo-picciS,
553 1199 892 1240 pallido-marginatis.

463 1251 497 1286 (ξ’
545 1249 719 1289 Segmento
744 1251 880 1282 ventrali
904 1251 1013 1282 ultimo
1039 1252 1131 1292 apice
1156 1255 1311 1283 truncato,

686 1371 769 1405 547.
824 1369 1134 1407 CHRYsoMELA
1172 1371 1408 1415 QUENsuLI
1462 1370 1570 1407 Srssi„

464 1441 627 1478 Obscure
655 1453 771 1488 aenea,
813 1442 1134 1489 piceo-pelluccus,
1164 1443 1329 1479 antennis
1358 1443 1580 1490 pedibusque
1607 1443 1737 1490 piceis,
1766 1442 1822 1478 his
1850 1454 1945 1478 aene-

310 1501 599 1546 scente-indutis3
625 1501 750 1548 elytris
778 1501 993 1547 Stramineis,
1022 1502 1111 1536 vitta
1142 1503 1318 1537 communi
1347 1503 1496 1538 suturali
1524 1502 1853 1548 striato-punctam,
1883 1514 1945 1537 an-

309 1559 379 1594 tice
407 1560 633 1605 trichotoma,
663 1572 729 1595 nec
757 1571 828 1595 non
856 1560 1039 1606 utriusque
1066 1561 1217 1597 maculis
1245 1561 1416 1596 tredecim
1434 1561 1588 1608 sparsis,
1607 1561 1867 1596 orbicularibus
1890 1560 1948 1596 vel

310 1618 504 1664 elongatis,
544 1618 876 1665 circumpunctatis,
917 1631 989 1655 una
1017 1619 1187 1666 elongata
1215 1624 1362 1656 curvata
1388 1632 1480 1667 pone
1507 1621 1707 1665 humerum,
1735 1631 1807 1655 una
1833 1631 1947 1667 parva

308 1688 392 1711 mox
433 1682 534 1712 extra
574 1677 687 1719 illam,
730 1690 801 1713 una
843 1679 1014 1725 elongata
1054 1679 1146 1714 inter
1185 1679 1322 1726 apicem
1354 1680 1506 1715 maculae
1533 1679 1727 1715 humeralis
1756 1683 1792 1714 et
1822 1679 1948 1714 vittam

310 1735 520 1780 suturalem,
550 1740 716 1782 quattuor
744 1737 1021 1783 discoidalibus,
1050 1737 1178 1773 mediis
1207 1738 1484 1783 orbicularibus,
1518 1738 1727 1774 lateralibus
1761 1738 1945 1784 oblongis,

310 1805 381 1829 una
408 1794 600 1840 marginali
627 1795 763 1841 media,
784 1796 932 1842 reliquis
952 1797 1230 1843 posterioribus,
1254 1796 1466 1843 minoribus,
1496 1798 1618 1833 aeneis.
1646 1797 1764 1844 Long.
1787 1799 1806 1832 8
1821 1798 1947 1842 2—10,

306 1852 387 1888 Lat.
417 1854 537 1898 5{—6
565 1853 699 1889 millim.

503 1931 732 1979 Calzffapha
779 1931 943 1974 offensem
982 1932 1090 1968 suu.
1145 1922 1224 1967 (Ἦν.
1267 1933 1307 1967 af
1342 1932 1387 1967 K.
1416 1932 1497 1968 vet.
1534 1931 1606 1967 Ak.
1634 1932 1742 1968 Fen-11.
1775 1932 1882 1967 1860.
1910 1942 1944 1977 p.

1151 1993 1224 2026 462
1266 1993 1323 2026 22.

462 2066 605 2101 Patria:
633 2066 786 2101 MeXiCO.
842 2065 948 2115 ¹(Coll.
983 2067 1190 2116 Clzevrolat.)

462 2141 589 2182 Ovalis,
615 2141 740 2173 modice
765 2152 923 2182 convexa,
949 2152 1056 2183 aenea,
1081 2143 1367 2184 piceo-pellucens,
1393 2142 1505 2174 nitida.
1541 2143 1644 2183 Caput
1660 2145 1779 2173 remote
1797 2141 1947 2173 distincte

309 2185 539 2225 punctulatum.
586 2186 743 2216 Antennae
766 2185 882 2226 piceae,
909 2186 1034 2226 apicem
1058 2196 1172 2217 versus
1198 2186 1318 2217 sensim
1343 2186 1456 2216 leviter
1480 2186 1684 2223 incrassatae,
1711 2185 1853 2216 articulis
1879 2184 1946 2225 api-

310 2228 433 2259 calibus
457 2228 564 2268 paullo
588 2229 786 2268 longioribus
810 2238 904 2268 quam
930 2228 1106 2260 latioribus.
1152 2229 1329 2260 Prothorax
1356 2232 1430 2259 ante
1453 2228 1593 2259 medium
1618 2229 1731 2259 leviter
1745 2230 1945 2268 angustatus,

309 2274 360 2302 sat
394 2270 495 2302 dense
530 2270 694 2308 distincte,
729 2271 886 2311 utrimque
919 2271 1030 2302 fortius
1065 2275 1247 2312 punctatus.
1293 2271 1466 2302 Scutellum
1501 2272 1592 2303 laeve.
1645 2272 1758 2312 Elytra
1792 2270 1944 2302 lateribus

308 2314 491 2354 parallelis,
517 2324 600 2354 vage
624 2317 744 2346 remote
768 2317 934 2355 punctata,
960 2315 1106 2354 margine
1129 2314 1262 2354 inflexo,
1286 2314 1367 2345 vitta
1390 2315 1549 2345 communi
1574 2315 1707 2345 suturali
1739 2314 1944 2354 striato-pun-

311 2360 414 2396 ctata,
440 2356 546 2387 antice
570 2357 775 2397 trichotoma,
801 2359 972 2388 retrorsum
998 2358 1118 2389 sensim
1143 2360 1332 2398 angustata,
1357 2367 1417 2388 nec
1442 2367 1505 2388 non
1529 2357 1694 2398 utriusque
1724 2357 1858 2387 maculis
1882 2359 1943 2387 tre-

310 2398 413 2430 decim
450 2399 597 2440 laevibus,
634 2400 784 2431 distincte
809 2400 1106 2440 circumprmctatis,
1142 2410 1207 2431 una
1231 2400 1400 2440 marginali
1425 2400 1548 2440 media,
1584 2410 1649 2431 una
1671 2399 1767 2431 valde
1791 2400 1944 2439 elongata

308 2447 440 2473 curvata
463 2452 547 2482 pone
572 2443 751 2483 humerum,
776 2452 840 2473 uua
862 2443 971 2483 paullo
996 2447 1087 2474 extra
1111 2443 1202 2474 basin
1226 2443 1359 2474 maculae
1383 2443 1467 2474 illius
1493 2443 1726 2474 subhumeralis
1741 2446 1772 2473 et
1784 2442 1943 2473 interdum

308 2495 379 2515 cum
403 2485 516 2516 eadem
541 2485 738 2525 confluente,
763 2495 827 2516 una
850 2486 1003 2526 elongata
1026 2486 1109 2517 iuter
1133 2486 1257 2527 apicem
1281 2486 1416 2517 maculae
1440 2485 1673 2517 subhumeralis
1698 2489 1730 2516 et
1753 2485 1865 2516 vittam
1893 2494 1944 2515 su-

307 2528 456 2567 turalem,
482 2538 546 2559 una
569 2528 652 2559 inter
676 2529 800 2569 apicem
824 2529 957 2559 maoulae
981 2528 1127 2570 ejusdem
1150 2528 1323 2559 humeralis
1347 2532 1379 2560 et
1394 2529 1573 2569 marginem
1588 2529 1770 2568 lateralem,
1796 2531 1944 2568 quattuor
