2052 3039
356 163 427 196 292
1034 153 1075 190 C.
1103 152 1215 199 SrssL,

301 260 433 292 vissime
457 258 648 291 rotundatis.
694 256 869 287 Scutellum
891 256 983 287 laeve.
1028 255 1141 295 Elytra
1165 253 1315 285 distincte
1338 253 1634 294 striato-punctam,
1658 252 1837 285 interstitiis
1854 263 1939 294 vage

301 303 507 344 punctulatis.
552 301 659 332 Pedes
684 300 777 340 nigri.

455 354 489 389 (5³
535 352 710 392 Segmento
734 350 871 382 ventrali
894 349 1004 381 ultimo
1029 348 1121 389 apice
1145 350 1301 379 truncato.

808 479 839 512 7.
892 477 1031 512 Prius
1058 484 1261 512 PROTEUS
1315 474 1423 512 S'rKL.

455 555 662 600 Varicolor,
692 555 822 600 ovalis,
851 553 958 589 valde
988 564 1164 599 convexa3
1193 552 1358 588 antennis
1387 552 1431 587 ab
1461 551 1611 587 articulo
1650 551 1772 597 quinto
1807 551 1941 587 sensim

300 615 513 651 incrassatis
546 619 582 650 et
609 615 748 650 olavam
789 613 1040 658 formantibus,
1083 612 1243 648 articulis
1285 611 1399 647 clavae
1426 611 1663 657 transversis3
1706 611 1824 658 capite
1859 621 1940 657 pro-

301 675 518 720 thoraceque
551 673 728 720 utrimque
761 672 938 708 subtiliter
966 675 1023 707 sat
1050 671 1162 708 dense
1189 671 1421 719 punctulatis,
1462 671 1530 706 hoc
1563 670 1680 706 antice
1722 670 1839 717 capite
1879 670 1941 706 vix

301 734 446 778 latiore,
474 733 615 780 postice
643 744 749 778 quam
778 732 896 767 antice
925 730 1033 777 duplo
1061 731 1202 775 latiore,
1229 731 1405 777 utrimque
1433 730 1561 765 leviter
1579 729 1787 775 rotundat03
1815 729 1940 777 elytris

301 793 516 840 prothorace
542 792 665 839 paullo
693 791 898 835 latioribus,
929 789 1096 825 distincte
1124 789 1484 836 geminato-seriatim
1513 788 1748 836 punctulatis,
1768 788 1942 824 lateribus

301 852 498 900 parallelis.
552 851 670 896 Long.
701 852 733 895 5,
762 849 844 884 Lat.
874 850 895 884 3
924 848 1059 884 millim.

500 927 617 975 Pyxis
645 927 795 961 Proteus
823 925 932 962 Stal.
975 916 1054 961 Ofv.
1082 925 1122 960 af
1145 924 1191 960 K.
1220 924 1301 960 Vet.
1322 924 1394 960 Ak.
1422 924 1453 960 F
1457 925 1530 960 orh.
1562 926 1669 961 1860.
1698 937 1732 972 p.
1761 927 1846 961 463.
1878 928 1908 962 7.

456 1017 530 1040 var.
561 1018 592 1039 a.
620 1027 671 1030 —
698 1002 1119 1047 Testaceo-flavescens,
1149 1001 1301 1037 maculis
1325 1002 1440 1037 tribus
1454 1001 1704 1047 anterioribus,
1725 1002 1839 1037 tribus
1860 1006 1942 1038 ante

354 1063 508 1099 medium
530 1064 567 1098 in
595 1063 724 1099 seriem
753 1066 998 1097 transversam
1018 1060 1205 1108 dispositis
1231 1061 1466 1107 margineque
1485 1060 1617 1096 inflexo
1635 1061 1818 1107 utriusque
1838 1061 1943 1108 elytri

353 1133 446 1169 pone
474 1122 645 1165 medium,
674 1133 741 1157 nec
769 1132 839 1156 non
868 1120 1059 1167 episternis
1086 1119 1237 1166 posticis
1265 1119 1391 1166 nigris.

456 1211 531 1234 var.
561 1199 588 1234 b.
615 1221 666 1224 —
696 1197 748 1233 Ut
774 1209 839 1232 var
867 1210 902 1241 a,
933 1196 997 1231 sed
1025 1195 1238 1242 prothorace
1258 1195 1409 1231 maculis
1430 1195 1569 1231 duabus
1584 1196 1706 1243 parvis
1725 1199 1942 1243 pectoreque

355 1258 558 1305 saepissime
586 1261 661 1293 toto
687 1256 812 1302 nigris.

456 1346 530 1369 var.
560 1347 584 1370 c.
612 1356 663 1360 ψ
689 1332 743 1369 Ut
769 1344 843 1367 var.
873 1332 905 1376 b,
949 1330 1014 1366 sed
1046 1330 1196 1366 maculis
1223 1330 1352 1367 mediis
1381 1332 1573 1379 elytrorum
1600 1331 1636 1366 in
1664 1331 1772 1367 vittas
1813 1336 1943 1368 retror-

355 1404 433 1428 sum
457 1393 567 1438 longe
596 1391 765 1427 extensis.

456 1481 530 1504 var.
560 1469 592 1504 d.
620 1490 670 1494 ——
698 1467 750 1503 Ut
776 1478 850 1501 var.
880 1479 900 1500 a
929 1469 964 1501 ct
992 1466 1020 1506 b,
1049 1465 1115 1501 sed
1142 1466 1293 1502 maculis
1321 1467 1515 1514 elytrorum
1535 1471 1618 1502 ante
1637 1466 1794 1502 medium
1814 1466 1943 1513 positis

353 1528 391 1564 in
430 1528 608 1564 maculam
648 1527 822 1574 majorem
863 1524 1141 1571 confluentibus3
1182 1525 1397 1572 prothorace
1436 1525 1613 1561 interdum
1654 1526 1796 1561 macula
1836 1525 1944 1561 tertia

353 1587 473 1624 media
501 1590 637 1623 ornato.

456 1676 530 1699 var.
561 1677 585 1699 e.
613 1686 662 1689 —
689 1661 743 1698 Ut
770 1673 842 1696 var.
872 1673 905 1701 c,
933 1659 998 1696 secl
1026 1659 1126 1695 disco
1154 1660 1310 1696 maximo
1337 1661 1578 1707 prothoracis,
1621 1665 1744 1696 sutura
1770 1660 1828 1696 vel
1856 1660 1945 1696 vitta

355 1723 514 1769 suturali,
543 1726 667 1758 ventre
694 1720 920 1768 pedibusque
948 1719 1074 1765 nigris.

457 1811 533 1834 var.
551 1800 585 1847 f.
613 1821 663 1824 —
690 1797 743 1834 Ut
770 1809 844 1832 var.
874 1796 911 1842 cl,
948 1795 1014 1831 sed
1056 1795 1250 1843 elytrorum
1292 1796 1392 1832 disco
1432 1796 1588 1832 maximo
1631 1795 1809 1832 communi
1849 1806 1943 1842 pone

354 1859 511 1895 medium
537 1857 652 1904 nigro.

455 1947 529 1971 var.
554 1948 588 1982 9.
614 1956 665 1960 —-
691 1933 809 1980 Nigra
834 1936 925 1976 tota,
954 1931 1116 1979 exceptis
1144 1932 1269 1979 elytris
1296 1932 1588 1968 flavo-testaceis.

455 2025 530 2048 var.
559 2013 590 2047 h.
616 2033 664 2037 -
688 2010 784 2045 Tota
811 2009 926 2056 nigra.

456 2089 600 2125 Patria:
630 2086 796 2122 Brasilia.
852 2085 957 2134 (Mus.
987 2085 1113 2131 Berol.,
1144 2086 1284 2135 Holm.)

769 2235 1254 2275 TROCHALONOTA
1293 2237 1453 2274 WESTW.

837 2314 934 2362 Mag.
964 2315 1009 2350 de
1033 2315 1132 2371 Zool.
1161 2314 1232 2350 Ins.
1262 2313 1402 2363 (1833.)

457 2392 586 2438 Margo
613 2392 776 2428 lateralis
805 2391 999 2438 elytrorum
1027 2403 1049 2427 a
1075 2391 1190 2426 latere
1216 2390 1315 2427 visus
1344 2394 1426 2425 ante
1453 2390 1609 2426 medium
1638 2390 1811 2426 sinuatus.

457 2451 715 2486 Metasternum
743 2450 918 2497 utrimque
945 2451 1044 2486 linea
1071 2453 1219 2486 curvata
1236 2450 1416 2496 impressa
1435 2461 1580 2496 carens,
1608 2449 1746 2497 postice
1764 2448 1941 2494 utrimque

305 2510 527 2558 depressum.
