2052 3039
359 177 637 215 MONOGRAPHIE
666 190 735 217 mss
765 181 1079 220 CuRYSOMELmEs
1107 193 1156 220 DE
1184 185 1429 227 L'AMJJJMQUE.
1596 190 1667 225 279

236 276 362 316 Ovalis,
388 278 512 310 modice
537 289 695 320 convexa,
732 283 944 323 {cneo-nigra,
981 284 1091 316 nitida.
1139 285 1242 326 Caput
1265 290 1384 318 remote
1409 287 1560 320 distincte
1584 294 1718 330 punctu-

83 319 192 350 latum.
240 321 397 352 Antenuae
422 322 545 362 apicem
571 333 684 355 versus
720 325 840 356 sensim
876 327 988 357 leviter
1011 327 1215 368 incrassatae,
1248 329 1339 360 basin
1365 340 1477 363 versus
1502 332 1718 373 fusco-piceae.

82 362 261 394 Prothomx
285 364 397 404 elytris
422 365 567 396 nonnihil
592 367 772 407 angustior,
809 372 860 399 sat
883 368 984 400 (101150
1020 369 1184 410 distinete,
1221 372 1377 412 utrimque
1401 374 1512 406 fortius
1537 379 1717 416 punctatus.

82 404 257 436 Scutellum
280 407 371 437 laeve.
416 407 527 448 Elytra
552 409 703 441 lateribus
727 412 908 451 parallelis,
934 412 1088 452 eburnea,
1114 424 1196 454 vage
1221 419 1390 455 puuetata,
1416 418 1562 457 margine
1583 418 1716 460 inflexo,

82 449 161 480 vitta
185 449 342 479 communi
368 451 515 490 suturali,
542 451 693 484 distincte
724 454 1016 495 striato-punctam,
1042 456 1146 487 antice
1171 456 1375 498 trichotoma‚
1412 460 1517 491 medio
1543 461 1646 493 subito
1670 462 1717 494 di—

81 493 197 531 latata,
222 494 296 522 ante
322 491 460 523 medium
485 495 639 526 ramulum
664 495 808 536 brevem,
834 507 915 537 pone
933 497 1070 528 medium
1090 499 1242 530 ramulum
1261 500 1389 541 longum
1407 512 1587 544 recurvum,
1613 505 1717 546 ipsum

81 538 175 566 extus
199 535 408 574 ramulosum,
446 537 625 577 emittente,
663 548 721 569 nec
745 549 807 569 non
832 540 997 579 utriusque
1032 542 1166 571 maculis
1192 543 1318 574 circiter
1341 548 1410 575 octo
1434 546 1484 577 vel
1509 557 1623 578 novem
1659 549 1718 580 cir-

82 577 332 619 cumpunctatiS‚
371 588 434 609 una
458 589 557 620 prope
580 580 744 611 humerum
780 592 898 621 magna
921 583 1075 622 oblonga,
1112 584 1285 625 suheurva,
1321 591 1492 619 retrorsum
1527 595 1701 630 angustata

80 631 144 652 una
166 620 336 661 marginali
361 621 482 661 media,
509 632 572 653 una
595 623 676 654 inter
700 624 895 655 humeralem
921 629 952 656 et
975 625 1085 656 vittam
1104 628 1291 668 suturalem,
1317 639 1386 660 cum
1411 630 1564 663 humerali
1582 617 1715 666 subeon}

79 664 211 704 fluente,
248 673 312 695 una
346 663 495 696 interiore
530 666 637 697 media
669 671 743 698 aute
779 668 935 699 ramulum
971 678 1135 700 recurvum
1160 671 1247 702 vittae
1271 673 1436 713 suturalis,
1474 674 1573 706 tribus
1606 678 1714 718 parvis

79 708 326 749 posterioribus,
352 707 573 748 nigro—aeneis.

505 803 589 837 545.
645 801 948 840 CHRYSOMELA
976 805 1150 842 PNIRsA
1191 806 1297 843 S‘rXL.

231 874 485 920 Nigro-aenca3
514 875 638 921 elytris
667 876 886 921 stramineis,
908 877 997 912 vitta
1016 878 1165 913 suturali
1186 879 1363 914 communi
1382 880 1709 930 striato-punctam,

77 945 144 969 nec
172 945 244 969 non
271 934 455 979 utriusque
488 934 629 969 macula
669 935 860 980 marginali
901 935 1034 976 media,
1075 936 1164 972 vitta
1201 937 1247 972 ad
1288 937 1470 973 humerum
1504 939 1711 989 incipiente,

76 996 272 1028 retrorsum
299 993 393 1028 ultra
421 993 576 1028 medium
604 992 792 1040 producta,
832 994 888 1029 bis
917 1000 1079 1041 curvata,
1116 1000 1151 1031 et
1178 1007 1256 1031 cum
1285 996 1374 1031 vitta
1403 998 1553 1033 suturali
1581 1000 1712 1036 conflu-

77 1056 178 1093 ente,
205 1052 347 1087 macula
375 1053 551 1087 anteriore
579 1051 672 1087 inter
700 1053 807 1088 vittas
836 1053 1029 1088 suturalem
1059 1060 1094 1089 et.
1120 1055 1422 1101 posthumeralem
1450 1068 1516 1091 nec
1543 1069 1613 1093 non
1639 1071 1712 1094 ma-

77 1111 167 1146 culis
196 1110 335 1146 duabus
363 1111 622 1158 posterioribus
645 1111 789 1157 magnis
818 1111 1165 1151 subeonfluentibus,
1200 1113 1444 1160 aeneo-nigris.
1500 1115 1615 1162 Long.
1648 1120 1711 1164 10,

76 1169 158 1205 Lat.
189 1172 208 1205 6
242 1170 377 1205 1111111111.

291 1241 521 1289 callim-apta
549 1241 685 1276 Pnirsa
730 1241 837 1277 star
893 1233 971 1277 osv.
1013 1242 1053 1276 af
1085 1242 1131 1277 K.
1165 1243 1247 1278 vet.
1282 1242 1352 1278 Ak.
1385 1244 1492 1280 Fen-h.
1529 1247 1636 1282 1860.
1677 1259 1711 1294 p.

894 1302 979 1335 462.
1009 1302 1067 1336 21.

227 1370 371 1406 Patria:
402 1369 516 1406 Costa
541 1371 643 1406 Rica.
700 1370 806 1420 (Coll.
835 1371 1027 1420 Deyrolle.)

227 1443 259 1475 C.
293 1445 431 1475 ‹zm-omli
464 1444 620 1484 proxima.
667 1443 794 1485 Ovalis,
831 1444 955 1476 modice
997 1454 1157 1484 convexa,
1199 1444 1414 1485 nigro-aenea,
1449 1446 1560 1478 nitida.
1608 1448 1712 1490 Caput

73 1489 195 1518 remote
219 1485 370 1518 distincte
405 1490 601 1527 punctatum.
647 1488 804 1519 Autennae
832 1488 956 1529 apicem
980 1497 1092 1519 versus
1118 1488 1237 1519 sensim
1262 1488 1374 1518 leviter
1398 1489 1601 1531 incrassatae,
1638 1492 1709 1523 basi

72 1529 183 1570 piceae.
229 1529 409 1561 Prothorax
444 1530 533 1561 disco
564 1540 660 1571 parce
696 1530 866 1572 subtiliter,
902 1531 1058 1571 utrimque
1083 1531 1215 1562 densius
1238 1530 1362 1561 fortiter
1385 1536 1571 1573 punetatus,
1608 1535 1710 1566 latera

73 1582 186 1604 versus
220 1572 433 1613 impressione
469 1573 621 1604 distincta
651 1573 834 1605 instructus.
883 1574 1056 1605 Seutellum
1080 1575 1170 1605 laeve.
1216 1573 1327 1614 Elytra
1349 1573 1503 1606 lateribus
1527 1577 1708 1618 parallelis,

74 1616 263 1657 straminea,
287 1616 432 1656 margine
456 1615 589 1655 inflexo,
614 1616 694 1647 vitta
717 1617 876 1648 communi
912 1617 1045 1648 suturali
1076 1617 1374 1657 striato-punctam,
1400 1618 1442 1648 ad
1467 1620 1632 1651 scutellum
1658 1631 1708 1652 su-

73 1658 138 1690 bito
161 1662 349 1699 angustata,
380 1662 455 1690 ante
479 1659 618 1690 medium
643 1659 792 1699 dilatata,
828 1660 987 1701 posterius
1012 1663 1185 1700 angustata
1214 1663 1246 1690 et
1279 1669 1349 1690 cum
1380 1662 1505 1692 macula
1529 1663 1708 1704 majuscula

73 1701 231 1742 utrimque
255 1702 452 1741 cohaerente,
489 1712 549 1733 nec
572 1712 636 1733 non
660 1703 824 1743 utriusque
848 1703 929 1733 vitta
953 1703 992 1733 ab
1017 1703 1147 1734 humero
1173 1706 1347 1734 retrorsum
1370 1703 1453 1735 ultra
1476 1705 1614 1736 medium
1638 1717 1709 1747 pro-

72 1744 183 1785 ducta,
211 1755 230 1776 a
253 1745 322 1776 basi
347 1745 473 1786 oblique
496 1745 669 1777 introrsum
692 1749 853 1785 currente,
880 1749 954 1777 ante
978 1745 1117 1777 medium
1141 1746 1235 1787 elytri
1252 1755 1321 1776 cum
1345 1746 1424 1778 vitta
1441 1749 1573 1779 suturali
1590 1749 1708 1780 ibidem

73 1787 208 1819 dilatata
231 1788 425 1829 confluente,
451 1789 525 1820 dein
560 1792 737 1820 extrorsum
772 1793 940 1828 vergente,
976 1789 1071 1829 longe
1105 1798 1189 1829 pone
1219 1789 1357 1819 medium
1388 1789 1521 1821 incurva
1544 1795 1575 1822 et
1598 1802 1707 1824 rursus

73 1840 145 1862 cum
167 1831 248 1862 vitta
272 1832 404 1863 suturali
429 1832 624 1871 confluente,
650 1841 714 1862 una
738 1841 807 1862 cum
832 1833 910 1862 vitta
934 1833 1066 1863 suturali
1092 1832 1251 1863 maculam
1276 1832 1483 1864 stramineam
1506 1833 1704 1875 includente,

72 1883 132 1905 nec
166 1884 230 1905 non
265 1875 399 1906 maculis
435 1875 611 1916 punctatis,
650 1884 714 1905 uua
747 1875 906 1906 anteriore
937 1874 1019 1905 iuter
1043 1876 1140 1906 vittas
1166 1875 1340 1905 suturalem
1364 1879 1396 1906 et
1418 1876 1704 1918 posthumeralem,

73 1926 144 1947 cum
166 1916 227 1948 hac
251 1917 444 1957 confluente,
470 1928 534 1949 una
558 1917 727 1957 marginali
752 1917 873 1957 media,
898 1927 963 1948 una
986 1918 1112 1958 oblique
1135 1921 1210 1948 ante
1234 1917 1335 1957 hanc,
1361 1928 1381 1948 a
1404 1920 1548 1960 margine
1572 1924 1704 1960 remota,

71 1969 135 1990 una
158 1959 241 1991 inter
265 1961 389 2001 apicem
414 1962 500 1992 vittae
524 1961 772 2001 posthumeralis
797 1964 828 1991 et
851 1961 1008 1991 maculam
1033 1971 1131 2002 supra
1154 1964 1372 2001 memoratam,
1389 1971 1458 1993 cum
1479 1963 1558 1993 vitta
1574 1963 1706 1994 suturali

72 2002 231 2044 posierius
256 2004 454 2045 cohaerente,
480 2003 790 2043 aenescente-nigris.

426 2098 509 2132 546.
565 2095 876 2132 CHRYSOMELA
913 2104 1207 2132 sussocunA'rA
1248 2096 1355 2133 S'rXL.

175 2166 339 2203 Obscure
387 2178 505 2211 aenea,
545 2167 625 2213 plus
665 2166 781 2201 minus
823 2166 1145 2212 piceo-pellucens3
1175 2167 1298 2214 elytris
1339 2165 1482 2201 sordide
1523 2166 1704 2211 eburneis,

70 2226 234 2272 margine
258 2225 406 2271 inflexo,
435 2225 524 2261 vitta
551 2225 726 2261 communi
752 2224 899 2260 suturali
925 2225 1256 2272 striato-punctam,
1290 2225 1465 2271 utrimque
1485 2225 1705 2270 subramosa,

70 2295 137 2319 nec
165 2296 235 2320 non
261 2285 447 2331 utriusque
473 2283 623 2319 maculis
651 2283 830 2318 nonnullis
871 2283 994 2329 parvis
1042 2284 1226 2329 tribusque
1266 2283 1475 2329 majoribus,
1519 2284 1611 2318 inter
1638 2284 1704 2319 has

71 2354 142 2378 una
167 2344 361 2390 marginali
389 2342 524 2382 media,
551 2353 623 2377 una
649 2341 806 2376 maxima
833 2352 926 2387 poue
953 2342 1154 2387 humerum,
1183 2342 1323 2388 postice
1351 2345 1546 2387 angustata
1572 2345 1607 2377 et
1631 2342 1706 2377 fere

69 2401 116 2436 ad
142 2402 298 2438 medium
326 2402 431 2449 elytri
459 2401 602 2446 oblique
629 2400 818 2447 producta,
847 2411 919 2435 una
945 2401 1036 2435 inter
1062 2401 1154 2436 hanc
1174 2405 1209 2435 et
1235 2400 1358 2435 vittam
1378 2400 1581 2444 suturalem,
1609 2411 1704 2447 pone

71 2461 247 2496 maculam
274 2472 425 2509 parvam
451 2459 586 2506 posita,
628 2459 780 2494 obscure
808 2458 919 2493 aeneis
959 2458 1018 2493 vel
1045 2459 1288 2505 aeneo-piceis.
1341 2458 1459 2505 Long.
1489 2461 1521 2505 9,
1549 2459 1630 2494 Lat.
1659 2460 1706 2506 5}

70 2519 204 2555 millim.
