2052 3039
372 184 650 220 MONOGRAPHIE
679 194 748 221 Des
777 185 1093 223 Cnssrsoimnmns
1120 196 1169 222 DE
1198 186 1443 229 L’Amssmouss.
1602 189 1674 223 283

247 284 375 325 Ovalis,
400 284 525 316 modice
555 295 713 325 convexa,
750 286 947 327 ferruginea,
984 287 1096 318 nitida.
1143 287 1246 329 Caput
1268 298 1366 329 parce
1390 287 1616 329 punctulatum.
1662 287 1727 319 An-

92 331 199 359 tennae
223 328 376 368 graciles,
402 327 527 368 apicem
552 337 664 360 versus
690 328 810 360 sensim
834 331 946 361 leviter
969 330 1171 370 iucrassatae,
1197 331 1338 362 articulis
1356 331 1532 372 apicalibus
1549 330 1725 370 infuscatis,

94 370 238 401 nonnihil
261 370 460 410 longioribus
485 380 579 410 quam
604 371 778 403 latioribus.
824 373 1002 404 Prothorax
1026 373 1137 414 elytris
1155 374 1297 405 nonnihil
1314 374 1495 415 angustior,
1521 373 1611 405 disco
1628 382 1726 414 parce

94 413 262 453 distinete,
288 413 444 453 utrimque
468 413 613 445 nonnihil
637 413 768 446 densius
792 415 915 446 fortiter
943 420 1121 457 puuctatus.
1168 416 1343 448 Scutellum
1368 417 1456 448 laeve.
1502 416 1615 457 Elytra
1648 416 1725 447 late-

93 455 181 487 ribus
205 456 384 496 parallclis,
411 456 598 496 straminea,
625 467 707 498 vage
732 458 933 498 punctulum,
959 459 1103 498 margine
1127 458 1259 498 inflexo,
1295 459 1375 491 vitta
1411 459 1568 491 communi
1594 459 1727 490 suturali

94 499 390 539 striato-punctam,
427 502 502 529 ante
525 499 664 530 medium
689 500 792 531 subito
817 500 951 532 dilatata
974 505 1005 532 et
1027 501 1184 541 utrimque
1218 502 1448 543 subproducta,
1479 512 1564 543 pone
1588 501 1727 533 medium

94 541 249 572 ramulum
273 541 398 572 brevem
426 541 587 582 obliquum
611 543 788 583 emittente,
814 543 976 583 posterius
1000 547 1188 583 angustata,
1214 554 1312 585 prope
1335 545 1461 586 apicem
1483 545 1640 585 utrimque
1657 555 1728 576 cum

93 585 221 615 macula
252 584 397 615 similiter
420 584 561 615 colorata
585 585 779 625 cohaerente,
805 596 864 617 nec
896 596 958 617 non
989 587 1153 626 utriusque
1185 587 1279 618 limbo
1311 587 1436 619 laterali
1468 597 1551 629 pone
1587 588 1728 619 medium

94 627 295 668 maculisque
319 627 445 658 circiter
469 627 594 667 decem,
621 627 915 669 circumpunctatis,
951 639 1016 660 una
1038 639 1157 669 magna
1180 629 1347 670 elongata,
1373 631 1578 671 subcurvata,
1603 631 1728 672 postice

94 670 311 711 emarginata,
338 669 380 700 ad
403 669 568 701 humerum
591 671 778 712 incipiente,
815 675 888 703 ante
913 672 1052 703 medium
1076 682 1145 703 cum
1172 673 1251 703 vitta
1275 673 1407 704 suturali
1432 673 1624 713 confluente,
1655 673 1728 705 reli-

94 713 167 754 quis
191 713 314 754 parvis,
339 722 403 743 una-
425 713 597 753 marginali
622 718 696 745 ante
720 714 875 754 medium,
912 715 1036 746 duabus
1070 715 1152 746 inter
1176 716 1333 746 maculam
1357 726 1507 756 magnam
1532 717 1728 748 humeralem

94 759 127 788 et
150 757 261 787 vittam
286 756 475 795 suturalem,
512 766 576 787 una
609 767 691 798 pone
726 757 859 788 alteram
894 758 1016 798 posita,
1052 758 1190 798 quinque
1215 758 1445 790 discoidalibus
1479 759 1726 798 confluentibus,

93 809 158 830 una
181 808 278 840 prope
303 799 427 840 apicem
451 808 522 829 cum
545 800 639 832 limbo
663 800 857 841 cohaerente,
882 801 1087 841 ferrugineis,
1112 805 1250 842 anguste
1266 802 1572 842 fusco-marginatis
1611 802 1728 834 Subtus

93 852 199 883 aenea,
225 842 402 882 segmentis
427 842 548 874 ventris
572 843 664 884 apice
691 843 1040 884 ferrugineo-limbatis.

426 965 510 999 552.
566 962 875 999 CHRYSOMELA
902 973 1229 1001 NOTATIPENNIS
1284 965 1391 1002 S'rssn.

246 1039 278 1074 F
281 1039 488 1086 erruginea,
518 1040 642 1087 elytris
670 1041 891 1086 stramineis,
914 1041 1078 1087 margine
1098 1041 1243 1087 inflexo,
1264 1041 1355 1077 vitta
1373 1041 1550 1078 communi
1570 1040 1727 1086 suturali,

93 1098 212 1134 antice
241 1099 445 1145 saepissime
485 1100 712 1144 trichotoma,
751 1111 818 1135 nec
853 1111 922 1135 non
963 1100 1146 1146 utriusque
1182 1101 1271 1136 vitta
1298 1101 1510 1137 abbreviata
1536 1099 1656 1135 media
1683 1098 1729 1134 ad

92 1157 220 1192 vittam
248 1158 443 1194 suturalem
471 1162 506 1193 et
534 1171 578 1195 ex
605 1163 708 1205 parte
736 1170 816 1194 cum
841 1159 910 1194 hae
938 1160 1142 1205 conjuncta,
1184 1161 1406 1206 maculisque
1438 1159 1617 1203 undecim,
1659 1169 1730 1193 una

93 1228 230 1262 magna
259 1217 431 1263 elongata
458 1218 595 1264 postice
622 1218 711 1253 fissa
738 1228 832 1264 pone
859 1217 1058 1262 humerum,
1086 1217 1234 1263 reliquis
1262 1220 1401 1264 parvis,
1430 1230 1501 1253 una
1519 1218 1628 1263 longe
1649 1219 1730 1251 ante

93 1275 251 1310 medium
281 1286 394 1322 prope
429 1276 629 1323 marginem
669 1276 871 1321 lateralem,
911 1275 1049 1311 duabus
1077 1276 1170 1313 inter
1197 1276 1375 1312 maculam
1401 1288 1572 1323 magnam
1600 1274 1730 1311 subhu-

93 1334 267 1369 meralem
300 1338 335 1369 et
372 1334 498 1370 vittam
536 1335 745 1380 suturalem,
789 1335 1119 1382 cimumpunctatis,
1161 1335 1387 1382 ferrugineis.
1441 1335 1558 1381 Long.
1589 1336 1620 1378 9,
1648 1333 1729 1368 Lat.

95 1394 143 1440 5}
170 1393 304 1429 millim.

307 1478 535 1526 Gallim-ayma
562 1478 797 1526 ozotcztipenm‘s
841 1478 946 1515 Stal.
1003 1470 1084 1515 Ofv.
1126 1480 1166 1514 af
1188 1479 1235 1515 K.
1263 1478 1345 1515 Vet.
1378 1478 1450 1514 Ak.
1483 1477 1514 1513 F
1518 1477 1591 1513 orb.
1622 1478 1729 1512 1859.

1003 1549 1036 1584 p.
1067 1539 1150 1573 324.
1180 1539 1238 1573 22.

249 1613 392 1650 Patria:
420 1614 574 1650 Mexico.
629 1614 734 1663 (Mus.
765 1614 895 1659 Berol.‚
925 1614 1065 1659 Holm.,
1096 1613 1187 1650 Coll.
1215 1614 1394 1662 Deyrolle,
1424 1612 1546 1660 Salle‘.)

250 1691 281 1722 C.
305 1692 519 1732 labyrinthieae
542 1690 638 1722 valde
663 1690 779 1722 affinis.
804 1690 931 1731 Ovalis,
956 1689 1081 1722 modice
1098 1700 1258 1730 convexa,
1277 1689 1474 1730 ferruginea,
1492 1687 1732 1736 nitida3Gaput

96 1736 218 1765 remote
241 1734 471 1775 punctulatum.
516 1735 673 1765 Antennae
711 1734 835 1775 apicem
859 1743 973 1765 versus
997 1734 1118 1765 sensim
1141 1733 1255 1765 leviter
1277 1733 1475 1773 incrassatae,
1500 1731 1642 1763 articulis
1665 1740 1730 1779 api-

97 1777 221 1808 calibus
252 1777 437 1818 infuscatis,
473 1777 619 1809 nonnihil
653 1777 849 1818 longioribus
884 1787 979 1817 quam
1012 1776 1186 1808 latioribus.
1229 1776 1407 1807 Prothorax
1442 1775 1553 1816 elytris
1588 1773 1733 1804 nonnihil

98 1821 278 1860 angustior,
315 1820 406 1852 disco
447 1824 567 1852 remote
603 1819 771 1860 distincte,
805 1820 962 1860 utrimque
997 1819 1129 1851 densius
1165 1820 1287 1851 fortiter
1320 1821 1501 1860 punctatus.
1558 1816 1731 1865 Scutell'um

97 1863 190 1894 laeve.
235 1863 349 1904 Elytra
372 1864 526 1895 lateribus
550 1864 733 1905 parallelis,
769 1863 959 1902 straminea,
994 1872 1078 1903 vage
1101 1862 1301 1903 punctulata,
1325 1861 1471 1902 margine
1494 1860 1628 1909 inflexo,
1652 1862 1732 1890 v1tta

98 1907 258 1939 communi
283 1906 430 1947 suturali,
456 1907 753 1948 striato-punctam,
779 1906 884 1937 antice
908 1905 1113 1945 trichotoma,
1138 1915 1198 1936 nec
1221 1916 1285 1936 non
1308 1905 1472 1945 utriusque
1495 1907 1575 1934 v1tta
1604 1903 1730 1934 subcur-

95 1953 187 1991 vata,
213 1949 413 1990 abbreviata,
439 1949 560 1989 media,
585 1949 628 1981 ad
651 1950 763 1981 vittam
779 1949 952 1980 suturalem
971 1949 1076 1989 posita
1099 1948 1188 1979 etad
1201 1950 1355 1991 majorem
1368 1948 1421 1979 vel
1439 1946 1593 1977 minorem
1605 1948 1730 1986 partem

98 2003 171 2025 cum
194 1993 256 2024 hac
280 1992 476 2033 eohaerente,
512 1993 710 2033 maculisque
733 1992 883 2023 undecim
907 1992 1204 2033 cii-cumpunctatis,
1238 2002 1302 2024 una
1324 2000 1444 2030 magna
1467 1990 1634 2029 elongata,
1660 1988 1731 2019 sub-

98 2046 211 2076 curva,
236 2036 362 2077 postice
385 2036 479 2077 fissa,
504 2046 587 2077 poue
610 2036 774 2067 humerum
797 2035 917 2076 posita,
943 2034 1067 2065 duabus
1091 2034 1174 2067 inter
1197 2035 1354 2067 maculam
1370 2034 1458 2064 illam
1475 2031 1731 2080 subhumeralem

97 2083 130 2111 et
152 2080 264 2112 vittam
288 2080 477 2120 suturalem,
494 2089 559 2110 una
574 2088 675 2121 prope
691 2078 868 2119 marginem
885 2078 1052 2109 lateralem
1068 2077 1164 2117 longe
1176 2082 1251 2110 ante
1267 2076 1420 2116 medium,
1445 2075 1575 2115 reliquis
1596 2083 1729 2116 sparfflS,

96 2122 301 2164 ferrugineis.

257 2174 292 2210 ἆ
337 2173 513 2214 Segmento
537 2172 675 2205 ventrali
698 2172 807 2203 ultimo
831 2171 923 2212 apice
947 2174 1102 2203 truncato.

420 2287 503 2322 553.
559 2284 867 2324 CHRYsOMELA
893 2292 1247 2320 LIMBATICOLLIS
1301 2281 1407 2319 Satn.

199 2361 445 2408 Ferruginea3
487 2361 711 2408 marginibus
742 2361 859 2396 antico
897 2364 932 2395 et
970 2361 1180 2396 lateralibus
1221 2370 1289 2394 nec
1319 2370 1392 2394 non
1426 2357 1516 2392 vitta
1553 2356 1730 2392 anteriore

98 2420 278 2467 posterius
307 2421 512 2456 dichotoma
538 2420 762 2467 prothoracis
791 2419 984 2466 elytrisque
1012 2419 1230 2464 stramineis,
1255 2418 1379 2453 horum
1406 2415 1568 2462 margine
1588 2415 1729 2459 inflexo,

97 2479 187 2515 vitta
226 2479 404 2515 communi
439 2479 590 2514 suturali
630 2478 956 2525 striato-punctata,
999 2478 1156 2513 anterius
1194 2479 1404 2522 angustata,
1440 2486 1506 2510 nec
1537 2485 1608 2510 non
1646 2474 1730 2510 utri-

99 2549 212 2585 usque
257 2538 409 2574 maculis
454 2537 715 2584 irregularibus
770 2536 910 2572 circiter
957 2536 1159 2582 duodecim,
1207 2534 1537 2581 circumpunctatis,
1592 2533 1730 2569 duabus
